@misc{Statista:Smartphonenutzung,
    author={Statista},
    title={Anteil der Smartphone Nutzer in Deutschland},
    url={https://de.statista.com/statistik/daten/studie/585883/umfrage/anteil-der-smartphone-nutzer-in-deutschland/},
    urldate={23.02.2022},
    language={german}
}
@misc{Statista:Computernutzung,
    author={Statista},
    title={Anteil der privaten Haushalte in Deutschland},
    url={https://de.statista.com/statistik/daten/studie/160925/umfrage/ausstattungsgrad-mit-personal-computer-in-deutschen-haushalten/},
    urldate={23.02.2022},
    language={german}
}
@misc{OECD:Lernen,
    author={OECD},
    title={Das Lernen lernen},
    url={https://www.wissen.de/das-lernen-lernen-eine-studie-der-oecd},
    urldate={25.02.2022},
    language={german}
}
@misc{Hattie:Einflussfaktoren,
    author={Hattie},
    title={Einflussfaktoren und Effektstärken in Bezug auf den Lernerfolg},
    url={https://visible-learning.org/de/hattie-rangliste-einflussgroessen-effekte-lernerfolg/hattie-rangliste-einfluss-von-lehr-und-lernmethoden/},
    urldate={25.02.2022},
    language={german}
}
@misc{DasGehirn:Vergessen,
    author={Susanne Donner},
    title={Warum vergessen wir?},
    url={https://www.dasgehirn.info/aktuell/frage-an-das-gehirn/warum-vergessen-wir},
    urldate={3.03.2022},
    language={german}
}
@misc{SA:Forget,
    author={Julia Shaw},
    title={Why do we forget?},
    url={https://blogs.scientificamerican.com/mind-guest-blog/why-do-we-forget/},
    urldate={4.03.2022},
    language={german}
}
@misc{SDW:Vergessen,
    author={Martin Korte},
    title={Warum wir vergessen},
    url={https://www.spektrum.de/news/gedaechtnis-warum-wir-vergessen/1580324},
    urldate={3.03.2022},
    language={german}
}
@misc{Wiki:Vergessenskurve,
    author={Wikipedia},
    title={Vergessenskurve},
    url={https://de.wikipedia.org/wiki/Vergessenskurve},
    urldate={5.03.2022},
    language={german}
}
@misc{RD:SpacedRepetition,
    author={Alision Voice und Arran Stirton},
    title={Spaced Repetition: towards more effective learning in STEM},
    url={https://files.eric.ed.gov/fulltext/EJ1241511.pdf},
    urldate={8.03.2022},
    language={german}
}
@misc{PNAS:Synaptic,
    author={Enikö A. Kramár und Kollegen},
    title={Synaptic evidence for the efficacy of spaced learning},
    url={https://www.researchgate.net/publication/221697614_Synaptic_evidence_for_the_efficacy_of_spaced_learning},
    urldate={8.03.2022},
    language={german}
}
